@article{liu2015soybean,
   title={Soybean kinome: functional classification and gene expression patterns},
   author={Liu, Jinyi and Chen, Nana and Grant, Joshua N and Cheng, Zong-Ming and Stewart Jr, C Neal and Hewezi, Tarek},
   journal={Journal of experimental botany},
   volume={66},
   number={7},
   pages={1919--1934},
   year={2015},
   publisher={Oxford University Press UK}
}

@inproceedings{baxter2012field,
  title={Field-based experiments on low-lignin switchgrass as a feedstock for lignocellulosic biofuel production},
  author={Baxter, H.L. M. Mazarei, N. Labbe, L.M. Kline, M. T. Windham, D.G.J Mann, C. Fu, J.N. Grant, C.R. Poovaiah, H. Shen, W. A. Wuddineh, A. Ziebell, M. F. Davis, F. Chen, T. J. Tschaplinski, J. R. Mielenz, Z-Y Wang, R. A. Dixon, C. N. Stewart, Jr},
  journal={2012 Sungrant National Conference Proceedings},
  year={2012}
}

@inproceedings{grant2012functional,
  title={Functional analysis of a putative membrane-bound switchgrass endo-$\beta$-1,4-glucanase in \textit{Escherichia coli}.},
  author={Grant, Joshua N. and Willis, Jonathan D. and Stewart, C. Neal},
  journal={UTK EureCA},
  year={2012}  
}
@mastersthesis{grant2017evaluation,
   title={Evaluation of Hallâ€™s Panicgrass (\textit{Panicum hallii} Vasey) as a Model System for Genetic Modification of Recalcitrance in Switchgrass (\textit{Panicum virgatum} (L.))},
   author={Grant, Joshua Nathaniel},
   institution= {The University of Tennessee, Knoxville},
   year={2017}
}

@article{grant2017improved,
   title={Improved tissue culture conditions for the emerging C 4 model \textit{Panicum hallii}},
   author={Grant, Joshua N and Burris, Jason N and Stewart, C Neal and Lenaghan, Scott C},
   journal={BMC biotechnology},
   volume={17},
   number={1},
   pages={39},
   year={2017},
   publisher={BioMed Central}
}

@inproceedings{baxter2012field2,
  title={Field-based experiments on low-lignin switchgrass as a feedstock for lignocellulosic biofuel production},
  author={Baxter, H.L. M. Mazarei, N. Labbe, L.M. Kline, M. T. Windham, D.G.J Mann, C. Fu, J.N. Grant, C.R. Poovaiah, H. Shen, W. A. Wuddineh, A. Ziebell, M. F. Davis, F. Chen, T. J. Tschaplinski, J. R. Mielenz, Z-Y Wang, R. A. Dixon, C. N. Stewart, Jr},
  journal={2012 Sungrant National Conference Proceedings},
  year={2012}
}

@article{willis2017tceg1,
   title={The TcEG1 beetle (Tribolium castaneum) cellulase produced in transgenic switchgrass is active at alkaline pH and auto-hydrolyzes biomass for increased cellobiose release},
   author={Willis, Jonathan D and Grant, Joshua N and Mazarei, Mitra and Kline, Lindsey M and Rempe, Caroline S and Collins, A Grace and Turner, Geoffrey B and Decker, Stephen R and Sykes, Robert W and Davis, Mark F and others},
   journal={Biotechnology for Biofuels},
   volume={10},
   number={1},
   pages={230},
   year={2017},
   publisher={BioMed Central}
}

@inproceedings{grant2013comparisons,
   title={Comparisons of Switchgrass Cell Wall Components Containing an Overexpression of a Putative Switchgrass Endoglucanase},
   author={Grant, Joshua N and Willis, Jonathan D and Stewart, C Neal},
   booktitle={IN VITRO CELLULAR \& DEVELOPMENTAL BIOLOGY-PLANT},
   volume={49},
   number={4},
   pages={475--475},
   year={2013},
   organization={SPRINGER 233 SPRING ST, NEW YORK, NY 10013 USA}
}

@article{osti_1783004,
title = {Challenges in Automated Detection of COVID-19 Misinformation},
author = {Herrmannova, Dasha and Thakur, Gautam and Grant, Josh and Tansakul, Varisara and Eaton, Bryan and Kotevska, Olivera and Burdette, Jordan and Smyth, Martin and Smith, Monica},
abstractNote = {The COVID-19 pandemic has made the dangers of the spread of misinformation obvious but despite much global effort to curbing its spread, fake information about the pandemic keeps proliferating. In this paper, we address the development of automated methods for verification of claims about COVID-19 and discuss the challenges associated with this task. We focus on labeled data collection, limitations of existing models, and difficulties of applying misinformation detection models in practical applications. Our initial analysis indicates label imbalance may be a particular challenge for developing claim verification models and we discuss options for alleviating this issue.},
doi = {},
url = {https://www.osti.gov/biblio/1783004}, journal = {},
number = ,
volume = ,
place = {United States},
year = {2021},
month = {5}
}

@article{stewart2021taxonomic,
  title={A Taxonomic Classification Approach for Global Spatio-temporal Data},
  author={Stewart, Robert and Piburn, Jesse and Walters, Sarah and Kaufman, Jason and Ezell, Evan and Anderson, David and Axley, David and Grant, Josh and Eaton, Bryan and Sorokine, Alexandre and others},
  year={2021}
}
