@article{liu2015soybean,
  title={Soybean kinome: functional classification and gene expression patterns},
  author={Liu, Jinyi and Chen, Nana and Grant, Joshua N and Cheng, Zong-Ming Max and Stewart, C Neal and Hewezi, Tarek},
  journal={Journal of experimental botany},
  pages={eru537},
  year={2015},
  publisher={Soc Experiment Biol}
}

@inproceedings{baxter2012field,
  title={Field-based experiments on low-lignin switchgrass as a feedstock for lignocellulosic biofuel production},
  author={Baxter, H.L. M. Mazarei, N. Labbe, L.M. Kline, M. T. Windham, D.G.J Mann, C. Fu, J.N. Grant, C.R. Poovaiah, H. Shen, W. A. Wuddineh, A. Ziebell, M. F. Davis, F. Chen, T. J. Tschaplinski, J. R. Mielenz, Z-Y Wang, R. A. Dixon, C. N. Stewart, Jr},
  journal={2012 Sungrant National Conference Proceedings},
  year={2012}
}

@inproceedings{grant2012functional,
  title={Functional analysis of a putative membrane-bound switchgrass endo-Î²-1,4-glucanase in \textit{Escherichia coli}.},
  author={Grant, Joshua N. and Willis, Jonathan D. and Stewart, C. Neal},
  journal={UTK EureCA},
  year={2012}  
}

@inproceedings{baxter2012field2,
  title={Field-based experiments on low-lignin switchgrass as a feedstock for lignocellulosic biofuel production},
  author={Baxter, H.L. M. Mazarei, N. Labbe, L.M. Kline, M. T. Windham, D.G.J Mann, C. Fu, J.N. Grant, C.R. Poovaiah, H. Shen, W. A. Wuddineh, A. Ziebell, M. F. Davis, F. Chen, T. J. Tschaplinski, J. R. Mielenz, Z-Y Wang, R. A. Dixon, C. N. Stewart, Jr},
  journal={2012 Sungrant National Conference Proceedings},
  year={2012}
}

 Baxter, H.L., M. Mazarei, N. Labbe, L.M. Kline, M.T. Windham, D.G.J. Mann, C. Fu, J.N.
Grant, C.R. Poovaiah, H. Shen, W.A. Wuddineh, A. Ziebell, M.F. Davis, F. Chen, T.J.
Tschaplinski, J.R. Mielenz, Z-Y. Wang, R.A. Dixon, C. Neal Stewart, Jr. (2012). Field-based
experiments on low-lignin switchgrass as a feedstock for lignocellulosic biofuel production.
SunGrant National Conference, Science for Biomass Feedstock Production and Utilization, New
Orleans, LA, USA, (Proceedings paper).

 Willis, J.D., A.G. Collins, J.N. Grant, D.G.J. Mann, M. Mazarei, C. Neal Stewart, Jr.
(2012). Cloning and overexpression of two plant glycosyl hydrolases involved in cell wall
synthesis for reduced recalcitrance in switchgrass. Bioenergy Science Center (BESC) Retreat,
Chattanooga, TN, USA.

Grant, J. N., J. D. Willis, C. Rempe, C. Neal Stewart, Jr. 2013. Comparison of Switchgrass
Cell Wall Components with an Overexpressed Putative Switchgrass Endoglucanase. Annual
meeting of Society for In-Vitro Biology (SIVB) (June 15-19). Providence, RI.

Willis, J. D., L Kline, S. M. Allen, P. Bhattacharya, A. G. Collins, J. N. Grant, N. Labbe,
and C. Neal Stewart, Jr. 2013. Development of switchgrass (Panicum virgatum L.)
transformable cell suspension culture and a screening system for rapid assessment of cell wall
genes for improved biomass for biofuels. ARPA-E PETRO Industrial meeting (September 12-
13). St. Louis, MO.

Grant, JN., Burris, JN., Willis, JD. Lenaghan, SC., Juenger, TE., Stewart, Jr., CN. 2015.
Tissue and Suspension Culture of Panicum hallii. Switchgrass III: Prairie and Native Grass
International Conference. Knoxville, TN.

Willis, JD., Mazarei, M., Grant, JN., Collins, AG., Kline, L., Turner, G., Decker, S., Sykes,
R., Davis, M., Labbe, N., Jurat-Fuentes, J-L., and Stewart, Jr., CN. 2015. Heterologous
expression of TcEG1 beetle cellulase in switchgrass improves sugar release efficiency with no
affect to biomass yield. Switchgrass III: Prairie and Native Grass International Conference.
Knoxville, TN.
